@inproceedings{new2013identifying,
  title={Identifying message flow in distributed event-based systems},
  author={Garcia, Joshua and Popescu, Daniel and Safi, Gholamreza and Halfond, William GJ and Medvidovic, Nenad},
  booktitle={Proceedings of the 2013 9th Joint Meeting on Foundations of Software Engineering},
  pages={367--377},
  year={2013},
  organization={ACM}
}
@inproceedings{new2012concolic,
  title={Automated concolic testing of smartphone apps},
  author={Anand, Saswat and Naik, Mayur and Harrold, Mary Jean and Yang, Hongseok},
  booktitle={Proceedings of the ACM SIGSOFT 20th International Symposium on the Foundations of Software Engineering},
  pages={59},
  year={2012},
  organization={ACM}
}
@inproceedings{new2015window,
  title={Static Window Transition Graphs for Android (T)},
  author={Yang, Shengqian and Zhang, Hailong and Wu, Haowei and Wang, Yan and Yan, Dacong and Rountev, Atanas},
  booktitle={Automated Software Engineering (ASE), 2015 30th IEEE/ACM International Conference on},
  pages={658--668},
  year={2015},
  organization={IEEE}
}

@inproceedings{new2015static,
  title={Static control-flow analysis of user-driven callbacks in Android applications},
  author={Yang, Shengqian and Yan, Dacong and Wu, Haowei and Wang, Yan and Rountev, Atanas},
  booktitle={Proceedings of the 37th International Conference on Software Engineering-Volume 1},
  pages={89--99},
  year={2015},
  organization={IEEE Press}
}

@inproceedings{new2014flowdroid,
  title={Flowdroid: Precise context, flow, field, object-sensitive and lifecycle-aware taint analysis for android apps},
  author={Arzt, Steven and Rasthofer, Siegfried and Fritz, Christian and Bodden, Eric and Bartel, Alexandre and Klein, Jacques and Le Traon, Yves and Octeau, Damien and McDaniel, Patrick},
  booktitle={ACM SIGPLAN Notices},
  volume={49},
  pages={259--269},
  year={2014},
  organization={ACM}
}
@inproceedings{new2015DroidSafe,
  title={Information Flow Analysis of Android Applications in DroidSafe.},
  author={Gordon, Michael I and Kim, Deokhwan and Perkins, Jeff H and Gilham, Limei and Nguyen, Nguyen and Rinard, Martin C},
  booktitle={NDSS},
  year={2015}
}
@misc{new2013androguard,
  title={Androguard: Reverse engineering, malware and goodware analysis of android applications},
  author={Desnos, Anthony},
  journal={URL code.google.com/p/androguard},
  year={2013}
}

@misc{newShareMyPosition,
  title = {ShareMyPosition},
  howpublished = {https://f-droid.org/repository/brow-\\
  se/?fdfilter=shareMyposition\&fdid=net.sylvek.sharem-
  yposition}
}

@misc{newFDroid,
  title = {f-Droid},
  howpublished = {https://f-droid.org/}
}


@inproceedings{new2014fepma,
  title={FEPMA: Fine-grained event-driven power meter for android smartphones based on device driver layer event monitoring},
  author={Kim, Kitae and Shin, Donghwa and Xie, Qing and Wang, Yanzhi and Pedram, Massoud and Chang, Naehyuck},
  booktitle={Proceedings of the conference on Design, Automation \& Test in Europe},
  pages={367},
  year={2014},
  organization={European Design and Automation Association}
}

@inproceedings{new2013contextual,
  title={Contextual Policy Enforcement in Android Applications with Permission Event Graphs.},
  author={Chen, Kevin Zhijie and Johnson, Noah M and D'Silva, Vijay and Dai, Shuaifu and MacNamara, Kyle and Magrino, Thomas R and Wu, Edward XueJun and Rinard, Martin and Song, Dawn Xiaodong},
  booktitle={NDSS},
  year={2013}
}

@inproceedings{new2013automated,
  title={Automated testing with targeted event sequence generation},
  author={Jensen, Casper S and Prasad, Mukul R and M{\o}ller, Anders},
  booktitle={Proceedings of the 2013 International Symposium on Software Testing and Analysis},
  pages={67--77},
  year={2013},
  organization={ACM}
}

@inproceedings{new2013dynodroid,
  title={Dynodroid: An input generation system for Android apps},
  author={Machiry, Aravind and Tahiliani, Rohan and Naik, Mayur},
  booktitle={Proceedings of the 2013 9th Joint Meeting on Foundations of Software Engineering},
  pages={224--234},
  year={2013},
  organization={ACM}
}

@inproceedings{new2015anomalies,
  title={Detecting event anomalies in event-based systems},
  author={Safi, Gholamreza and Shahbazian, Arman and Halfond, William GJ and Medvidovic, Nenad},
  booktitle={Proceedings of the 2015 10th Joint Meeting on Foundations of Software Engineering},
  pages={25--37},
  year={2015},
  organization={ACM}
}

@article{new2013p,
  title={P: safe asynchronous event-driven programming},
  author={Desai, Ankush and Gupta, Vivek and Jackson, Ethan and Qadeer, Shaz and Rajamani, Sriram and Zufferey, Damien},
  journal={ACM SIGPLAN Notices},
  volume={48},
  number={6},
  pages={321--332},
  year={2013},
  publisher={ACM}
}

@article{new2009scandroid,
  title={Scandroid: Automated security certification of android},
  author={Fuchs, Adam P and Chaudhuri, Avik and Foster, Jeffrey S},
  year={2009}
}


@inproceedings{new2013appsplayground,
  title={AppsPlayground: automatic security analysis of smartphone applications},
  author={Rastogi, Vaibhav and Chen, Yan and Enck, William},
  booktitle={Proceedings of the third ACM conference on Data and application security and privacy},
  pages={209--220},
  year={2013},
  organization={ACM}
}

@inproceedings{new2015droidel,
  title={Droidel: A general approach to android framework modeling},
  author={Blackshear, Sam and Gendreau, Alexandra and Chang, Bor-Yuh Evan},
  booktitle={Proceedings of the 4th ACM SIGPLAN International Workshop on State Of the Art in Program Analysis},
  pages={19--25},
  year={2015},
  organization={ACM}
}

@inproceedings{new2013grey,
  title={A grey-box approach for automated GUI-model generation of mobile applications},
  author={Yang, Wei and Prasad, Mukul R and Xie, Tao},
  booktitle={International Conference on Fundamental Approaches to Software Engineering},
  pages={250--265},
  year={2013},
  organization={Springer}
}

@inproceedings{new2015jumping,
  title={Selective control-flow abstraction via jumping},
  author={Blackshear, Sam and Chang, Bor-Yuh Evan and Sridharan, Manu},
  booktitle={ACM SIGPLAN Notices},
  volume={50},
  number={10},
  pages={163--182},
  year={2015},
  organization={ACM}
}

@inproceedings{new2012chex,
  title={Chex: statically vetting android apps for component hijacking vulnerabilities},
  author={Lu, Long and Li, Zhichun and Wu, Zhenyu and Lee, Wenke and Jiang, Guofei},
  booktitle={Proceedings of the 2012 ACM conference on Computer and communications security},
  pages={229--240},
  year={2012},
  organization={ACM}
}

@inproceedings{new2015edgeminer,
  title={EdgeMiner: Automatically Detecting Implicit Control Flow Transitions through the Android Framework.},
  author={Cao, Yinzhi and Fratantonio, Yanick and Bianchi, Antonio and Egele, Manuel and Kruegel, Christopher and Vigna, Giovanni and Chen, Yan},
  booktitle={NDSS},
  year={2015}
}

@inproceedings{new2015iccta,
  title={IccTA: Detecting inter-component privacy leaks in Android apps},
  author={Li, Li and Bartel, Alexandre and Bissyand{\'e}, Tegawend{\'e} F and Klein, Jacques and Le Traon, Yves and Arzt, Steven and Rasthofer, Siegfried and Bodden, Eric and Octeau, Damien and McDaniel, Patrick},
  booktitle={Proceedings of the 37th International Conference on Software Engineering-Volume 1},
  pages={280--291},
  year={2015},
  organization={IEEE Press}
}

@article{new2013epicc,
  title={Effective inter-component communication mapping in android with epicc: An essential step towards holistic security analysis},
  author={Octeau, Damien and McDaniel, Patrick and Jha, Somesh and Bartel, Alexandre and Bodden, Eric and Klein, Jacques and Le Traon, Yves},
  journal={Effective Inter-Component Communication Mapping in Android with Epicc: An Essential Step Towards Holistic Security Analysis},
  year={2013}
}

@inproceedings{new2002path1,
  title={ESP: Path-sensitive program verification in polynomial time},
  author={Das, Manuvir and Lerner, Sorin and Seigle, Mark},
  booktitle={ACM Sigplan Notices},
  volume={37},
  number={5},
  pages={57--68},
  year={2002},
  organization={ACM}
}

@article{new2003path2,
  title={Archer: using symbolic, path-sensitive analysis to detect memory access errors},
  author={Xie, Yichen and Chou, Andy and Engler, Dawson},
  journal={ACM SIGSOFT Software Engineering Notes},
  volume={28},
  number={5},
  pages={327--336},
  year={2003},
  publisher={ACM}
}

@inproceedings{new2013path3,
  title={Path sensitive static analysis of web applications for remote code execution vulnerability detection},
  author={Zheng, Yunhui and Zhang, Xiangyu},
  booktitle={Proceedings of the 2013 International Conference on Software Engineering},
  pages={652--661},
  year={2013},
  organization={IEEE Press}
}

@article{new2012path4,
  title={Pagai: A path sensitive static analyser},
  author={Henry, Julien and Monniaux, David and Moy, Matthieu},
  journal={Electronic Notes in Theoretical Computer Science},
  volume={289},
  pages={15--25},
  year={2012},
  publisher={Elsevier}
}

@inproceedings{new2008path5,
  title={Sound, complete and scalable path-sensitive analysis},
  author={Dillig, Isil and Dillig, Thomas and Aiken, Alex},
  booktitle={ACM SIGPLAN Notices},
  volume={43},
  number={6},
  pages={270--280},
  year={2008},
  organization={ACM}
}

@inproceedings{new2005path6,
  title={Context-and path-sensitive memory leak detection},
  author={Xie, Yichen and Aiken, Alex},
  booktitle={ACM SIGSOFT Software Engineering Notes},
  volume={30},
  number={5},
  pages={115--125},
  year={2005},
  organization={ACM}
}

@inproceedings{new2007path7,
  title={Path-sensitive inference of function precedence protocols},
  author={Ramanathan, Murali Krishna and Grama, Ananth and Jagannathan, Suresh},
  booktitle={Proceedings of the 29th international conference on Software Engineering},
  pages={240--250},
  year={2007},
  organization={IEEE Computer Society}
}

@book{new1978dataflow,
  title={Two approaches to interprocedural data flow analysis},
  author={Sharir, Micha and Pnueli, Amir},
  year={1978},
  publisher={New York University. Courant Institute of Mathematical Sciences. ComputerScience Department}
}

@article{new1976program,
  title={A program data flow analysis procedure},
  author={Allen, Frances E. and Cocke, John},
  journal={Communications of the ACM},
  volume={19},
  number={3},
  pages={137},
  year={1976},
  publisher={ACM}
}
